@BOOK{ki,
  AUTHOR    = {Stuart Russel and Peter Norvig},
  TITLE     = {{K}{\"u}nstliche {I}ntelligenz: {E}in moderner Ansatz},
  PUBLISHER = {Pearson, Higher Education},
  YEAR      = {2012},
  ADDRESS   = {M\"unchen},
  EDITION   = {3},
  CHAPTER   = {18.2 \"Uberwachtes Lernen},
}

@inproceedings{if,
  AUTHOR = {Fei Tony Liu and Kai Ming Ting and Zhi-Hua Zhou},
  TITLE  = {{I}solation {F}orest},
  BOOKTITLE = {Proceedings of the 2008 Eighth IEEE International Conference on Data Mining},
  SERIES    = {ICDM '08},
  YEAR      = {2008},
  ISBN      = {978-0-7695-3502-9},
  PAGES     = {413--422},
  NUMPAGES  = {10},
  URL       = {http://dx.doi.org/10.1109/ICDM.2008.17},
  DOI       = {10.1109/ICDM.2008.17},
  ACMID     = {1511387},
  PUBLISHER = {IEEE Computer Society},
  ADDRESS   = {Washington, DC, USA}
}

@misc{tc_data,
  AUTHOR       = {Ophir Tanz and Cambron Carter},
  TITLE        = {{W}hy the future of deep learning depends on finding good data},
  YEAR         = {2017},
  HOWPUBLISHED = {\url{https://techcrunch.com/2017/07/21/why-the-future-of-deep-learning-depends-on-finding-good-data/}},
  NOTE         = {10.28.2018}
}
