@BOOK{ki,
  AUTHOR    = {Stuart Russel and Peter Norvig},
  TITLE     = {{K}{\"u}nstliche {I}ntelligenz: {E}in moderner Ansatz},
  PUBLISHER = {Pearson, Higher Education},
  YEAR      = {2012},
  ADDRESS   = {M\"unchen},
  EDITION   = {3},
  CHAPTER   = {18.2 \"Uberwachtes Lernen},
}

@misc{tc_data,
  AUTHOR       = {Ophir Tanz and Cambron Carter},
  TITLE        = {{W}hy the future of deep learning depends on finding good data},
  YEAR         = {2017},
  HOWPUBLISHED = {\url{https://techcrunch.com/2017/07/21/why-the-future-of-deep-learning-depends-on-finding-good-data/}},
  NOTE         = {10.28.2018}
}
